<collection xmlns='http://www.loc.gov/MARC21/slim' xmlns:xsi='http://www.w3.org/2001/XMLSchema-instance' xsi:schemaLocation='http://www.loc.gov/standards/marcxml/schema/MARC21slim.xsd'>
  <record xmlns="http://www.loc.gov/MARC21/slim">
    <leader>00000ntm a2200000Ia 4500</leader>
    <controlfield tag="001">on1113868464</controlfield>
    <controlfield tag="008">190826s1866    iq            000 0 syc d</controlfield>
    <datafield tag="040" ind1=" " ind2=" ">
      <subfield code="a">HVC</subfield>
      <subfield code="b">eng</subfield>
      <subfield code="e">amremm</subfield>
      <subfield code="c">HVC</subfield>
    </datafield>
    <datafield tag="035" ind1=" " ind2=" ">
      <subfield code="a">(PHC)9910189397941049</subfield>
    </datafield>
    <datafield tag="041" ind1="0" ind2=" ">
      <subfield code="a">syc</subfield>
      <subfield code="a">syr</subfield>
    </datafield>
    <datafield tag="099" ind1=" " ind2=" ">
      <subfield code="a">Rendel Harris 52</subfield>
    </datafield>
    <datafield tag="049" ind1=" " ind2=" ">
      <subfield code="a">HVCC</subfield>
    </datafield>
    <datafield tag="100" ind1="1" ind2=" ">
      <subfield code="a">Joseph‏ ‎</subfield>
      <subfield code="b">II‏, ‎</subfield>
      <subfield code="c">Patriarch of the Chaldeans,</subfield>
      <subfield code="d">1667-1713.‏</subfield>
    </datafield>
    <datafield tag="245" ind1="1" ind2="0">
      <subfield code="6">880-01</subfield>
      <subfield code="a">Púšāq tešmšātā ʻidtānāye.</subfield>
    </datafield>
    <datafield tag="260" ind1=" " ind2=" ">
      <subfield code="a">[Tel Keppe, Iraq],</subfield>
      <subfield code="c">1886.</subfield>
    </datafield>
    <datafield tag="300" ind1=" " ind2=" ">
      <subfield code="a">i, 112 pages :</subfield>
      <subfield code="b">paper ;</subfield>
      <subfield code="c">227 x 164 (195 x 130) mm bound to 230 x 165 mm.</subfield>
    </datafield>
    <datafield tag="336" ind1=" " ind2=" ">
      <subfield code="a">text</subfield>
      <subfield code="b">txt</subfield>
      <subfield code="2">rdacontent</subfield>
    </datafield>
    <datafield tag="337" ind1=" " ind2=" ">
      <subfield code="a">unmediated</subfield>
      <subfield code="b">n</subfield>
      <subfield code="2">rdamedia</subfield>
    </datafield>
    <datafield tag="338" ind1=" " ind2=" ">
      <subfield code="a">volume</subfield>
      <subfield code="b">nc</subfield>
      <subfield code="2">rdacarrier</subfield>
    </datafield>
    <datafield tag="340" ind1=" " ind2=" ">
      <subfield code="d">manuscript</subfield>
    </datafield>
    <datafield tag="500" ind1=" " ind2=" ">
      <subfield code="a">Manuscript codex.</subfield>
    </datafield>
    <datafield tag="520" ind1=" " ind2=" ">
      <subfield code="a">Treatise on the liturgy.</subfield>
    </datafield>
    <datafield tag="546" ind1=" " ind2=" ">
      <subfield code="a">Syriac (</subfield>
      <subfield code="b">East Syriac).</subfield>
    </datafield>
    <datafield tag="500" ind1=" " ind2=" ">
      <subfield code="a">Title from title page (f. 1r).</subfield>
    </datafield>
    <datafield tag="500" ind1=" " ind2=" ">
      <subfield code="a">Foliation: Modern foliation in pencil added, upper left recto.</subfield>
    </datafield>
    <datafield tag="500" ind1=" " ind2=" ">
      <subfield code="a">Layout: 19 long lines, ruled in lead.</subfield>
    </datafield>
    <datafield tag="500" ind1=" " ind2=" ">
      <subfield code="a">Script: Written in East Syriac.</subfield>
    </datafield>
    <datafield tag="500" ind1=" " ind2=" ">
      <subfield code="a">Decoration: Rubrications in red; sets of black and red dots punctuate the text.</subfield>
    </datafield>
    <datafield tag="500" ind1=" " ind2=" ">
      <subfield code="a">Binding: Bright red leather over pulpboard; blind tooled frame and crossing diagonal sets of three lines; endbands in green and red thread.</subfield>
    </datafield>
    <datafield tag="500" ind1=" " ind2=" ">
      <subfield code="a">Origin: Copy completed on 20 November 1886 in Tel Keppe, Iraq by Manṣūr bar Ǧeǧí bar Patí Galiyā, a student (f. 107v-108v).</subfield>
    </datafield>
    <datafield tag="500" ind1=" " ind2=" ">
      <subfield code="a">Watermarks: Tre lune; FF. Palazzuoli.</subfield>
    </datafield>
    <datafield tag="500" ind1=" " ind2=" ">
      <subfield code="a">Syriac cataloging assistance provided by Joshua Mugler.</subfield>
    </datafield>
    <datafield tag="524" ind1=" " ind2=" ">
      <subfield code="a">Haverford College, Quaker &amp; Special Collections mss. RH 52</subfield>
    </datafield>
    <datafield tag="561" ind1="1" ind2=" ">
      <subfield code="a">Formerly owned by J. Rendel Harris.</subfield>
    </datafield>
    <datafield tag="610" ind1="2" ind2="0">
      <subfield code="a">Catholic Church</subfield>
      <subfield code="x">Chaldean rite</subfield>
      <subfield code="x">Liturgy.</subfield>
    </datafield>
    <datafield tag="650" ind1=" " ind2="0">
      <subfield code="a">Syriac language</subfield>
      <subfield code="v">Texts.</subfield>
    </datafield>
    <datafield tag="655" ind1=" " ind2="7">
      <subfield code="a">Manuscripts (documents)</subfield>
      <subfield code="2">aat</subfield>
    </datafield>
    <datafield tag="655" ind1=" " ind2="7">
      <subfield code="a">Codices (bound manuscripts)</subfield>
      <subfield code="2">aat</subfield>
    </datafield>
    <datafield tag="655" ind1=" " ind2="0">
      <subfield code="a">Manuscripts, Syriac.</subfield>
    </datafield>
    <datafield tag="655" ind1=" " ind2="0">
      <subfield code="a">Manuscripts, 19th century.</subfield>
    </datafield>
    <datafield tag="700" ind1="0" ind2=" ">
      <subfield code="6">880-02</subfield>
      <subfield code="a">Manṣūr bar Ǧeǧí bar Patí Galiyā,</subfield>
      <subfield code="d">active 1886,</subfield>
      <subfield code="e">scribe.</subfield>
    </datafield>
    <datafield tag="700" ind1="1" ind2=" ">
      <subfield code="a">Harris, J. Rendel</subfield>
      <subfield code="q">(James Rendel),</subfield>
      <subfield code="d">1852-1941,</subfield>
      <subfield code="e">former owner.</subfield>
    </datafield>
    <datafield tag="710" ind1="2" ind2=" ">
      <subfield code="a">J. Rendel Harris Collection (Quaker &amp; Special Collections, Haverford College).</subfield>
      <subfield code="5">PHC</subfield>
    </datafield>
    <datafield tag="752" ind1=" " ind2=" ">
      <subfield code="a">Iraq</subfield>
      <subfield code="d">Tel Keppe</subfield>
    </datafield>
    <datafield tag="856" ind1="4" ind2="1">
      <subfield code="z">Digital facsimile in OPenn</subfield>
      <subfield code="u">http://openn.library.upenn.edu/Data/0006/html/harris_052.html</subfield>
    </datafield>
    <datafield tag="852" ind1=" " ind2=" ">
      <subfield code="b">Quaker and Special Collections, Rendel Harris</subfield>
	  <subfield code="a">Haverford College</subfield>
      <subfield code="e">Haverford</subfield>
      <subfield code="u">https://www.haverford.edu/library</subfield>
    </datafield>
    <datafield tag="880" ind1="1" ind2="0">
      <subfield code="6">245-01/r</subfield>
      <subfield code="a">ܦܘܫܩ ܬܫܡ̈ܫܬܐ ܥܕܬ̈ܢܝܬܐ.</subfield>
    </datafield>
    <datafield tag="880" ind1="0" ind2=" ">
      <subfield code="6">700-02/r/(3/r</subfield>
      <subfield code="a">ܐܣܟܘܠܝܐ ܡܢܨܘܪ ܒܪ ܓܓܝ ܒܪ ܦܬܝ ܓܠܝܐ،</subfield>
      <subfield code="d">active 1886،</subfield>
      <subfield code="e">scribe.</subfield>
    </datafield>
    <datafield tag="066" ind1=" " ind2=" ">
      <subfield code="c">Syrc</subfield>
      <subfield code="c">(3</subfield>
    </datafield>
  </record></collection>